@book{weisstein2002crc,
  title={CRC Concise Encyclopedia of Mathematics, Second Edition},
  author={Weisstein, E.W.},
  isbn={9781420035223},
  year={2002},
  publisher={CRC Press}
}
%%%%%%%%%%%%%%%%%%%%%%%%%%%%%%%%%%%%%%%%%%%%%%%%%%%%%%%%%%%%%%%%%%%%%%%%%%
@book{elstrodt:mass:2011,
  title={Mass- und Integrationstheorie},
  author={J\"urgen Elstrodt},
  edition={7.,korrigierte und aktualisierte Auflage},
  year={2011},
  publisher={Springer Verlag}
}
%%%%%%%%%%%%%%%%%%%%%%%%%%%%%%%%%%%%%%%%%%%%%%%%%%%%%%%%%%%%%%%%%%%%%%%%%%
@book{grafakos:fourier:2014,
  title={Classical Fourier Analysis},
  author={Loukas Grafakos},
  edition={Third Edition},
  year={2014},
  publisher={Springer Science + Business Media New York}
}
%%%%%%%%%%%%%%%%%%%%%%%%%%%%%%%%%%%%%%%%%%%%%%%%%%%%%%%%%%%%%%%%%%%%%%%%%%
@book{lang:complex_analysis:1993,
  title={Complex Analysis},
  author={Serge Lang},
  edition={Third Edition},
  year={1993},
  publisher={Springer-Verlag}
}
%%%%%%%%%%%%%%%%%%%%%%%%%%%%%%%%%%%%%%%%%%%%%%%%%%%%%%%%%%%%%%%%%%%%%%%%%%
@book{zorich:analysis_I:2004,
  title={Mathematical Analysis I},
  author={Vladimir A. Zorich},
  edition={},
  year={2004},
  publisher={Springer-Verlag Berlin Heidelberg}
}
%%%%%%%%%%%%%%%%%%%%%%%%%%%%%%%%%%%%%%%%%%%%%%%%%%%%%%%%%%%%%%%%%%%%%%%%%%
@book{bourbaki:general_topology:1995,
  title={General Topology - Chapters 1-4},
  author={Nicolas Bourbaki},
  edition={Elements of Mathematics},
  year={1995},
  publisher={Springer-Verlag Berlin Heidelberg}
}
%%%%%%%%%%%%%%%%%%%%%%%%%%%%%%%%%%%%%%%%%%%%%%%%%%%%%%%%%%%%%%%%%%%%%%%%%%
@book{munkres:topology:2000,
  title={Topology},
  author={James R. Munkres},
  edition={Second edition},
  year={2000},
  publisher={Prentice Hall}
}
%%%%%%%%%%%%%%%%%%%%%%%%%%%%%%%%%%%%%%%%%%%%%%%%%%%%%%%%%%%%%%%%%%%%%%%%%%
@book{wong:weyl_transforms:1998,
  title={Weyl Transforms},
  author={M.W.Wong},
  edition={},
  year={1998},
  publisher={Springer}
}
%%%%%%%%%%%%%%%%%%%%%%%%%%%%%%%%%%%%%%%%%%%%%%%%%%%%%%%%%%%%%%%%%%%%%%%%%%
@book{gamelin:complex_analysis:2001,
  title={Complex Analysis},
  author={Theodore W. Gamelin},
  edition={},
  year={2001},
  publisher={Springer}
}
%%%%%%%%%%%%%%%%%%%%%%%%%%%%%%%%%%%%%%%%%%%%%%%%%%%%%%%%%%%%%%%%%%%%%%%%%%
@book{cohn:measure_theory:2013,
  title={Measure Theory},
  author={Donald L. Cohn},
  edition={Second edition},
  year={2013},
  publisher={Springer}
}
%%%%%%%%%%%%%%%%%%%%%%%%%%%%%%%%%%%%%%%%%%%%%%%%%%%%%%%%%%%%%%%%%%%%%%%%%%
@book{rudin:rc_analysis:1987,
  title={Real and Complex Analysis},
  author={Walter Rudin},
  edition={Third Edition},
  year={1987},
  publisher={McGraw-Hill Book Company}
}
%%%%%%%%%%%%%%%%%%%%%%%%%%%%%%%%%%%%%%%%%%%%%%%%%%%%%%%%%%%%%%%%%%%%%%%%%%
@book{folland:real_analysis:1999,
  title={Real Analysis},
  author={Gerald B. Folland},
  edition={Second Edition},
  year={1999},
  publisher={John Wiley \& Sons, Inc.}
}
%%%%%%%%%%%%%%%%%%%%%%%%%%%%%%%%%%%%%%%%%%%%%%%%%%%%%%%%%%%%%%%%%%%%%%%%%%
@book{ahlfors:complex_analysis:1979,
  title={Complex Analysis},
  author={Lars V. Ahlfors},
  edition={Third Edition},
  year={1979},
  publisher={Mc Graw Hill Education}
}
%%%%%%%%%%%%%%%%%%%%%%%%%%%%%%%%%%%%%%%%%%%%%%%%%%%%%%%%%%%%%%%%%%%%%%%%%%
@book{lee:topological_manifolds:2011,
  title={Introduction to Topological Manifolds},
  author={John M. Lee},
  edition={Second Edition},
  year={2011},
  publisher={Springer Science+Business Media}
}
%%%%%%%%%%%%%%%%%%%%%%%%%%%%%%%%%%%%%%%%%%%%%%%%%%%%%%%%%%%%%%%%%%%%%%%%%%
@book{aliprantis:principles_of_real_analysis:1998,
  title={Principles of Real Analysis},
  author={Charalambos D. Aliprantis \and Owen Burkinshaw},
  edition={Third Edition},
  year={1998},
  publisher={Academic Press}
}
%%%%%%%%%%%%%%%%%%%%%%%%%%%%%%%%%%%%%%%%%%%%%%%%%%%%%%%%%%%%%%%%%%%%%%%%%%
@book{fischer2003funktionentheorie,
  title={Funktionentheorie: Komplexe Analysis in einer Ver{\"a}nderlichen},
  author={Wolfgang Fischer \and Ingo Lieb},
  edition={8. Auflage},
  series={vieweg studium; Aufbaukurs Mathematik},
  year={2003},
  publisher={Vieweg+Teubner Verlag}
}
%%%%%%%%%%%%%%%%%%%%%%%%%%%%%%%%%%%%%%%%%%%%%%%%%%%%%%%%%%%%%%%%%%%%%%%%%%
@book{remmert2002funktionentheorie,
  title={Funktionentheorie 1},
  author={Remmert, R. and Schumacher, G.},
  isbn={9783540418559},
  series={Springer-Lehrbuch},
  year={2002},
  publisher={Springer Berlin Heidelberg}
}
